@BOOK{Tanenbaum:2008,
  title = {Modern operating systems (3. ed.)},
  publisher = {Pearson Education},
  year = {2008},
  author = {Andrew S. Tanenbaum},
  pages = {I-XXVII, 1-1076},
  bibsource = {DBLP, http://dblp.uni-trier.de},
  date-added = {2013-10-17 17:23:44 +0000},
  date-modified = {2013-11-05 01:55:17 +0000},
  isbn = {978-0-13-600663-3}
}

@BOOK{Tanenbaum:2011,
  title = {Computer networks},
  publisher = {Pearson Prentice Hall},
  year = {2011},
  author = {Tanenbaum, Andrew S. and Wetherall, D},
  address = {Boston},
  edition = {5th ed},
  call-number = {TK5105.5},
  date-added = {2013-10-17 17:24:10 +0000},
  date-modified = {2013-11-05 01:55:21 +0000},
  dewey-call-number = {004.6},
  genre = {Computer networks},
  isbn = {9780132126953 (alk. paper)},
  library-id = {2010034366}
}